<record><leader>00000cas a22000007a 4500</leader><controlfield tag="001">17415278</controlfield><controlfield tag="008">880201d18991914ohudn ne      0    0eng d</controlfield><datafield ind1=" " ind2=" " tag="010"><subfield code="a">sn 88078215 </subfield></datafield><datafield ind1=" " ind2=" " tag="040"><subfield code="a">ONP</subfield><subfield code="b">eng</subfield><subfield code="c">ONP</subfield><subfield code="d">OCLCQ</subfield></datafield><datafield ind1=" " ind2=" " tag="042"><subfield code="a">msc</subfield></datafield><datafield ind1="0" ind2="0" tag="245"><subfield code="a">Coshocton daily age.</subfield></datafield><datafield ind1=" " ind2=" " tag="260"><subfield code="a">Coshocton, Ohio :</subfield><subfield code="b">Age Pub. Co.,</subfield><subfield code="c">1899-1914.</subfield></datafield><datafield ind1=" " ind2=" " tag="310"><subfield code="a">Daily (except Sun.)</subfield></datafield><datafield ind1="0" ind2=" " tag="362"><subfield code="a">Vol. 1, no. 1 (May 23, 1899)-v. 26, no. 63 (Mar. 14, 1914).</subfield></datafield><datafield ind1=" " ind2=" " tag="580"><subfield code="a">Weekly ed.: Coshocton age (Coshocton, Ohio : 1899).</subfield></datafield><datafield ind1=" " ind2=" " tag="752"><subfield code="a">United States</subfield><subfield code="b">Ohio</subfield><subfield code="c">Coshocton</subfield><subfield code="d">Coshocton.</subfield></datafield><datafield ind1="1" ind2=" " tag="775"><subfield code="t">Coshocton age (Coshocton, Ohio : 1889)</subfield><subfield code="w">(DLC)sn 88078218</subfield></datafield><datafield ind1="0" ind2="7" tag="785"><subfield code="t">Coshocton daily times</subfield><subfield code="w">(DLC)sn 88078219</subfield></datafield><datafield ind1="0" ind2="7" tag="785"><subfield code="t">Coshocton times-age</subfield><subfield code="w">(DLC)sn 88078221</subfield></datafield></record>